ISA*00*          *00*          *ZZ*ABCPAYER       *ZZ*ABCPAYER       *190827*0212*^*00501*191511903*0*T*|~
GS*HP*ABCD*ABCD*20190827*12345678*14529647*X*005010X221A1~
ST*835*8350835~
BPR*I*120.03*C*ACH*CCP*01*1000187*DA*5353250570*1111234455*123456789*04*2000287*SG*5959250590*20190816~
TRN*1*10000000000000000000000000000000000000000000000001*1234567891*123456789~
CUR*PR*VND~
REF*EV*20000000000000000000000000000000000000000000000002~
REF*F2*LUMINXV8.1025~
DTM*405*20190827~
N1*PR*ANY PLAN USA*XV*55558888122000~
N3*1 WALK THIS WAY*STE 101~
N4*SAIGON**45209*VN***D1~
REF*2U*55555555555555555555555555555555555555555555555555~
REF*EO*44444444444444444444444444444444444444444444444444~
REF*HI*33333333333333333333333333333333333333333333333333~
REF*NF*22222222222222222222222222222222222222222222222222~
PER*CX*MICHAEL JORDAN*TE*8661112222*EM*MJORDAN@YAHOO.COM*EX*866~
PER*BL*EDI*TE*8002223330*EM*EDI.SUPPORT@ANYPAYER.COM~
PER*BL*EDI1*TE*8002223331*EM*EDI.SUPPORT1@ANYPAYER.COM~
PER*BL*EDI2*TE*8002223332*EM*EDI.SUPPORT2@ANYPAYER.COM~
PER*BL*EDI3*TE*8002223333*EM*EDI.SUPPORT3@ANYPAYER.COM~
PER*BL*EDI4*TE*8002223334*EM*EDI.SUPPORT4@ANYPAYER.COM~
PER*BL*EDI5*TE*8002223335*EM*EDI.SUPPORT5@ANYPAYER.COM~
PER*BL*EDI6*TE*8002223336*EM*EDI.SUPPORT6@ANYPAYER.COM~
PER*IC**UR*www.anyhealthplan.com/policies.html~
N1*PE*MID-STATE MENTAL HOSPITAL*XX*1123454567~
N3*2255 ANY ROAD*STE 502~
N4*LOS ANGELES*CA*12211*USA~
REF*TJ*123456789~
REF*0B*CA123456789~
REF*PQ*55-698-2245~
REF*D3*PH5000545~
RDM*EM*PSCHIATRIC DEPARTMENT*PSYCH-DEP@MSMH.ORG~
LX*1~
TS3*99999999999999999999999999993333333333333333333333*99*20181215*1*155********500000000000000000**69.99*600000000000.65*7000000000.75*70000000.75**800000.85*90000.95*1000.15*35*200.25~
TS2*59786*55375.77*4000.50*80.25*523234898833*1000*30*5500*2000000*90*50*90*90*50*1000*200.25*8500000*7500000*400000~
CLP*04111196PLC777122*1*155*120.04**13*8838888212*11*1**D045*12.25*0.8575*~
CAS*CO*45*34.97*1*46*123445678912345*2*47*1000.80*548*48*1000.80*1*49*500*3*50*20*1~
CAS*CO*40*80.55*1~
CAS*PR*45*13~
CAS*OA*97*34.97~
NM1*QC*1*MASTERS*MARVIN*L**SR*MI*80444444403~
NM1*IL*1*CABLE*MABEL****MI*80444444403~
NM1*74*1*MASTERS*MARVIN****C*80444444401~
NM1*82*1*SHELTON MD*BLAKE*AUSTIN**JR*XX*1666666666~
NM1*TT*2*YOUR COB CARRIER LLC*****FI*804441103~
NM1*PR*2*ACME INSURANCE*****XV*123456789~
NM1*GB*1*SMITH*JANE*ANN**MRS*MI*62341809022~
MIA*3465*500*5*60*R123*60.56*70.56*80.56*90.56*100.56*110.56*120.56*130.56*140.56*1*160.56*170.56*180.56*190.56*R020*R021*R022*R023*100~
MOA*0.80*300*R003*R004*R005*R006*R007*600*50~
REF*1L*28~
REF*CE*HSOAP-LAOA~
REF*1W*H0055989233301~
REF*SY*391809055~
REF*6P*G98-405-C001235~
REF*0B*0B111111111111111111111111111111111111111111111111~
REF*1A*1A111111111111111111111111111111111111111111111111~
REF*1B*1B111111111111111111111111111111111111111111111111~
REF*1C*1C111111111111111111111111111111111111111111111111~
REF*1D*1D111111111111111111111111111111111111111111111111~
REF*1G*1G111111111111111111111111111111111111111111111111~
REF*1H*1H111111111111111111111111111111111111111111111111~
REF*1J*1J111111111111111111111111111111111111111111111111~
REF*D3*D3111111111111111111111111111111111111111111111111~
REF*LU*LU111111111111111111111111111111111111111111111111~
DTM*232*20171114~
DTM*233*20181114~
DTM*036*20181119~
DTM*050*20191119~
PER*CX*EDIPAYERCLAIM*TE*8882223330*EM*EDIPAYERCLAIM.SUPPORT@ANYPAYER.COM*EX*123~
PER*CX*EDIPAYERCLAIM2*TE*8882223331*EM*EDIPAYERCLAIM2.SUPPORT@ANYPAYER.COM*EX*124~
AMT*AU*10000.85~
AMT*D8*20000.85~
AMT*F5*30000.85~
AMT*I*40000.85~
AMT*NL*50000.85~
AMT*T*60000.85~
AMT*T2*70000.85~
AMT*ZK*80000.85~
AMT*ZL*90000.85~
AMT*ZM*11000.85~
AMT*ZN*12000.85~
AMT*ZO*13000.85~
AMT*DY*14000.85~
QTY*CA*1~
QTY*CD*2~
QTY*LA*3~
QTY*LE*4~
QTY*NE*5~
QTY*NR*6~
QTY*OU*7~
QTY*PS*8~
QTY*VS*9~
QTY*ZK*10~
QTY*ZL*11~
QTY*ZM*12~
QTY*ZN*13~
QTY*ZO*14~
SVC*HC|99393|45|56|22|85*155*120.03*NBC502*1*HC|99391|44|54|24|84|COVID 19 VACCINE MODERNA 1.25 MG~
DTM*150*20181114~
DTM*151*20181115~
CAS*PR*45*11~
CAS*OA*97*34.91~
CAS*CO*45*34.11*1*41*123445678912345*2*47*1000.10*541*48*1001.10*1*49*100*31*51*21*1~
CAS*CO*46*34.12*1*41*123445678912322*2*47*1002.10*541*48*1002.10*2*49*200*32*52*22*2~
CAS*PI*40*80.51*1~
REF*1S*1S111111111111111111111111111111111111111111111112~
REF*APC*APC11111111111111111111111111111111111111111111112~
REF*BB*BB111111111111111111111111111111111111111111111112~
REF*E9*E9111111111111111111111111111111111111111111111112~
REF*G1*G1111111111111111111111111111111111111111111111112~
REF*G3*G3111111111111111111111111111111111111111111111112~
REF*LU*LU111111111111111111111111111111111111111111111112~
REF*RB*LU111111111111111111111111111111111111111111111112~
REF*6R*LU111111111111111111111111111111111111111111111112~
REF*0B*0B111111111111111111111111111111111111111111111112~
REF*1A*1A111111111111111111111111111111111111111111111112~
REF*1B*1B111111111111111111111111111111111111111111111112~
REF*1C*1C111111111111111111111111111111111111111111111112~
REF*1D*1D111111111111111111111111111111111111111111111112~
REF*1G*1G111111111111111111111111111111111111111111111112~
REF*1H*1H111111111111111111111111111111111111111111111112~
REF*1J*1J111111111111111111111111111111111111111111111112~
REF*D3*D3111111111111111111111111111111111111111111111112~
REF*TJ*D3111111111111111111111111111111111111111111111112~
REF*0K*L12345678910~
REF*0K*L12345678911~
REF*0K*L12345678912~
REF*0K*L12345678913~
REF*0K*L12345678914~
AMT*B6*60000.82~
AMT*KH*60000.82~
AMT*T*60000.82~
AMT*T2*70000.82~
AMT*ZK*80000.82~
AMT*ZL*90000.82~
AMT*ZM*11000.82~
AMT*ZN*12000.82~
AMT*ZO*13000.82~
QTY*ZK*1.75~
QTY*ZL*2.75~
QTY*ZM*3.75~
QTY*ZN*4.75~
QTY*ZO*5.75~
QTY*ZL*6.75~
LQ*HE*12341~
LQ*RX*67891~
LQ*HE*12342~
LQ*RX*67892~
LQ*HE*12343~
LQ*RX*67893~
LQ*HE*12344~
LQ*RX*67894~
LQ*HE*12345~
LQ*RX*67895~
LQ*HE*12346~
LQ*RX*67896~
LQ*HE*12347~
LQ*RX*67897~
LQ*HE*12348~
LQ*RX*67898~
PLB*1234567890*20230130*CV|9876511*-1.21*CW|9876512*-1.22*CT|9876513*-1.23*CS|9876514*-1.24*C5|9876515*-1.25~
PLB*1234567892*20230630*CV|9876512*-2.21*CW|9876512*-2.22*CT|9876513*-2.23*CS|9876514*-2.24*C5|9876515*-2.25~
PLB*1234567893*20230330*CV|9876513*-3.21*CW|9876513*-3.22*CT|9876513*-3.23*CS|9876514*-3.24*C5|9876515*-3.25~
PLB*1234567894*20230430*CV|9876514*-4.21*CW|9876512*-4.22*CT|9876513*-4.23*CS|9876514*-4.24*C5|9876515*-4.25~
PLB*1234567895*20230530*CV|9876511*-5.21*CW|9876512*-5.22*CT|9876513*-5.23*CS|9876514*-5.24*C5|9876515*-5.25~
SE*165*8350835~
GE*1*14529647~
IEA*1*191511903~
